@article{Lieutier20041029,
title = "Any open bounded subset of Rn has the same homotopy type as its medial axis ",
journal = "Computer-Aided Design ",
volume = "36",
number = "11",
pages = "1029--1046",
year = "2004",
issn = "0010-4485",
doi = "http://dx.doi.org/10.1016/j.cad.2004.01.011",
url = "http://www.sciencedirect.com/science/article/pii/S0010448504000065",
author = "A. Lieutier",
keywords = "Homotopy",
keywords = "Medial axis",
keywords = "Skeleton ",
abstract = "Medial axis Transform is sometimes used as an intermediate representation in algorithms for meshing or recognition of shapes from digitized data. This raises the question whether the Medial Axis captures fundamental topological invariants of the object. The (positive) answer has been known already in the case of smooth objects. The main result presented here is the homotopy equivalence of any bounded open subset of Rn with its medial axis. "
}
@inproceedings{Blum:1967,
    annote = {This is an early paper which putted forth the concept of Medial Axis Transform (MAT) for shape description. Author has mainly addressed the problem of 2-D shape description and showed how a MAF (Medial Axis Function) can be effectively used for the purpose. An MAF is generated by locating the corners of intersection of waves, which travel at constant speed in direction normal to contour. MAF has many interesting properties eg. stability, invariance and invertibility. MAF can be used to infer about curvatures of parent contour. It is shown that MAF can be utilized for pattern recognition even in the presence of occlusion. Relation of MAF with psychology and physiology are also indicated. Finally author talks about an experimental system build for getting MAF. On a whole, this paper seems to be a must for understanding concepts of MAF. - RBA 7/94},
    author = {H. Blum},
    booktitle = {Models for the Perception of Speech and Visual Forms},
    citeulike-article-id = {891114},
    institution = {U. Mass-CS},
    keywords = {ma, occlusion, shape, skeleton, vision},
    pages = {362--380},
    posted-at = {2006-10-10 09:33:33},
    priority = {2},
    publisher = {MIT Press},
    title = {{A transformation for extracting descriptors of shape}},
    year = {1967}
}

@article{BLUM1978167,
title = "Shape description using weighted symmetric axis features",
journal = "Pattern Recognition",
volume = "10",
number = "3",
pages = "167 - 180",
year = "1978",
note = "",
issn = "0031-3203",
doi = "http://dx.doi.org/10.1016/0031-3203(78)90025-0",
url = "http://www.sciencedirect.com/science/article/pii/0031320378900250",
author = "H. Blum and R. Nagel",
keywords = "Image processing",
keywords = "Symmetric axis transform",
keywords = "Biomedical shape analysis",
keywords = "Segmentation Curvature",
keywords = "Feature extraction"
}

@article{Saha2015,
title = "A survey on skeletonization algorithms and their applications",
journal = "Pattern Recognition Letters ",
volume = "",
number = "",
pages = "",
year = "in press",
note = "",
issn = "0167-8655",
doi = "http://dx.doi.org/10.1016/j.patrec.2015.04.006",
url = "http://www.sciencedirect.com/science/article/pii/S0167865515001233",
author = "Saha, Punam K and Borgefors, Gordon and Sanniti di Baja, Gabriela",
keywords = "Skeletonization",
keywords = "Centers of maximal balls",
keywords = "Distance transform",
keywords = "Topology preservation",
keywords = "Parallel algorithms",
keywords = "Applications "
}

@article{borgefors1996digital,
  title={On digital distance transforms in three dimensions},
  author={Borgefors, Gunilla},
  journal={Computer vision and image understanding},
  volume={64},
  number={3},
  pages={368--376},
  year={1996},
  publisher={Elsevier}
}

@book{luneburg1964mathematical,
  title={Mathematical theory of optics},
  author={Luneburg, Rudolf Karl and Herzberger, Max},
  year={1964},
  publisher={Univ of California Press}
}

@article{sethian1996fast,
  title={A fast marching level set method for monotonically advancing fronts},
  author={Sethian, James A},
  journal={Proceedings of the National Academy of Sciences},
  volume={93},
  number={4},
  pages={1591--1595},
  year={1996},
  publisher={National Acad Sciences}
}

@article{rosenfeld1966sequential,
  title={Sequential operations in digital picture processing},
  author={Rosenfeld, Azriel and Pfaltz, John L},
  journal={Journal of the ACM (JACM)},
  volume={13},
  number={4},
  pages={471--494},
  year={1966},
  publisher={ACM}
}

@article{kong1989digital,
  title={Digital topology: Introduction and survey},
  author={Kong, T Yung and Rosenfeld, Azriel},
  journal={Computer Vision, Graphics, and Image Processing},
  volume={48},
  number={3},
  pages={357--393},
  year={1989},
  publisher={Elsevier}
}

@article{kong1989digital2,
  title={A digital fundamental group},
  author={Kong, T Yung},
  journal={Computers \& Graphics},
  volume={13},
  number={2},
  pages={159--166},
  year={1989},
  publisher={Elsevier}
}

@techreport{duda1967graphical,
  title={Graphical-data-processing research study and experimental investigation},
  author={Duda, Richard O and Munson, John H},
  year={1967},
  institution={DTIC Document}
}

@article{vincent1991watersheds,
  title={Watersheds in digital spaces: an efficient algorithm based on immersion simulations},
  author={Vincent, Luc and Soille, Pierre},
  journal={IEEE transactions on pattern analysis and machine intelligence},
  volume={13},
  number={6},
  pages={583--598},
  year={1991}
}

@article{stefanelli1971some,
  title={Some parallel thinning algorithms for digital pictures},
  author={Stefanelli, Renato and Rosenfeld, Azriel},
  journal={Journal of the ACM (JACM)},
  volume={18},
  number={2},
  pages={255--264},
  year={1971},
  publisher={ACM}
}

@article{hopcroft1973algorithm,
  title={Algorithm 447: efficient algorithms for graph manipulation},
  author={Hopcroft, John and Tarjan, Robert},
  journal={Communications of the ACM},
  volume={16},
  number={6},
  pages={372--378},
  year={1973},
  publisher={ACM}
}

@article{Alcayaga2012,
author = "Alcayaga, L.",
journal="Memoria para optar al título de Ingeniero Civil en Computación, Universidad de Chile",
title = "Generación de Skeletons a Partir de Mallas de Superficie",
year = "2012",
url = "http://www.repositorio.uchile.cl/handle/2250/104368"
}

@book{bloomenthal1997introduction,
  title={Introduction to implicit surfaces},
  author={Bloomenthal, Jules and Bajaj, Chandrajit},
  year={1997},
  publisher={Morgan Kaufmann}
}

@book{arnol2013mathematical,
  title={Mathematical methods of classical mechanics},
  author={Arnol'd, Vladimir Igorevich},
  volume={60},
  year={2013},
  publisher={Springer Science \& Business Media}
}

@article{schermelleh2010guide,
  title={A guide to super-resolution fluorescence microscopy},
  author={L. Schermelleh and R. Heintzmann and H. Leonhardt},
  journal={The Journal of cell biology},
  volume={190},
  number={2},
  pages={165--175},
  year={2010},
  publisher={Rockefeller Univ Press}
}

@book{shankar2012principles,
  title={Principles of quantum mechanics},
  author={Shankar, Ramamurti},
  year={2012},
  publisher={Springer Science \& Business Media}
}

@inproceedings{jaisimha1994quantitative,
  title={Quantitative performance evaluation of thinning algorithms under noisy conditions},
  author={M. Y. Jaisimha and Y. Mysore and R. M. Haralick and D. Dori},
  booktitle={Computer Vision and Pattern Recognition, 1994. Proceedings CVPR'94., 1994 IEEE Computer Society Conference on},
  pages={678--683},
  year={1994},
  organization={IEEE}
}

@article{haralick1992performance,
  title={Performance characterization in image analysis: thinning, a case in point},
  author={R. M. Haralick},
  journal={Pattern Recognition Letters},
  volume={13},
  number={1},
  pages={5--12},
  year={1992},
  publisher={Elsevier}
}

@incollection{jin2013new,
  title={A new fuzzy skeletonization algorithm and its applications to medical imaging},
  author={D. Jin and P. K. Saha},
  booktitle={Image Analysis and Processing--ICIAP 2013},
  pages={662--671},
  year={2013},
  publisher={Springer}
}

@article{saha1997new,
  title={A new shape preserving parallel thinning algorithm for 3D digital images},
  author={P. K. Saha and B. B. Chaudhuri and D. D. Majumder},
  journal={Pattern Recognition},
  volume={30},
  number={12},
  pages={1939--1955},
  year={1997},
  publisher={Elsevier}
}

@article{arcelli2011distance,
  title={Distance-driven skeletonization in voxel images},
  author={C. Arcelli and G. Sanniti di Baja and L. Serino},
  journal={Pattern Analysis and Machine Intelligence, IEEE Transactions on},
  volume={33},
  number={4},
  pages={709--720},
  year={2011},
  publisher={IEEE}
}

@article{di1994well,
  title={Well-shaped, stable, and reversible skeletons from the (3, 4)-distance transform},
  author={G. Sanniti di Baja},
  journal={Journal of visual communication and image representation},
  volume={5},
  number={1},
  pages={107--115},
  year={1994},
  publisher={Elsevier}
}

@article{cornea2007curve,
  title={Curve-skeleton properties, applications, and algorithms},
  author={N. D. Cornea and D. Silver and P. Min},
  journal={IEEE Transactions on Visualization \& Computer Graphics},
  number={3},
  volume={47},
  pages={530--548},
  year={2007},
  publisher={IEEE}
}

@article{sobiecki2014comparison,
  title={Comparison of curve and surface skeletonization methods for voxel shapes},
  author={A. Sobiecki and A. Jalba and A. Telea},
  journal={Pattern Recognition Letters},
  volume={47},
  pages={147--156},
  year={2014},
  publisher={Elsevier}
}

@incollection{sobiecki2013qualitative,
  title={Qualitative comparison of contraction-based curve skeletonization methods},
  author={A. Sobiecki and H. Yasan and C. Haluk and A. Jalba and C. Andrei and A. Telea},
  booktitle={Mathematical Morphology and Its Applications to Signal and Image Processing},
  pages={425--439},
  year={2013},
  publisher={Springer}
}

@article{garchery2004standards,
  title={Standards for virtual humans},
  author={S. Garchery and R. Boulic and T. Capin and P. Kalra},
  journal={Handbook of Virtual Humans},
  pages={373--391},
  year={2004},
  publisher={Wiley Online Library}
}

@article{short2013spatial,
  title={Spatial mapping and quantification of developmental branching morphogenesis},
  author={K. Short and M. Hodson and I. Smyth},
  journal={Development},
  volume={140},
  number={2},
  pages={471--478},
  year={2013},
  publisher={The Company of Biologists Limited}
}

@book{siddiqi2008medial,
  title={Medial representations: mathematics, algorithms and applications},
  author={K. Siddiqi and S. Pizer},
  year={2008},
  publisher={Springer Science \& Business Media, Volume 37}
}

@article{lam1992thinning,
  title={Thinning methodologies-a comprehensive survey},
  author={L. Lam and S. Lee and C. Y. Suen},
  journal={IEEE Transactions on pattern analysis and machine intelligence},
  volume={14},
  number={9},
  pages={869--885},
  year={1992},
  publisher={IEEE Computer Society}
}

@book{university1981three,
  title={Three-dimensional Simple Points: Serial Erosion, Parallel Thinning, and Skeletonization},
  author={D. G. Morgenthaler},
  series={Technical report: Computer Science Center},
  url={https://books.google.cl/books?id=n1mVPgAACAAJ},
  year={1981},
  publisher={University of Maryland}
}

@article{saha1994topology,
  title={Topology preservation in 3D digital space},
  author={P. K. Saha and B. B. Chaudhuri and B. Chanda and D. D. Majumder},
  journal={Pattern Recognition},
  volume={27},
  number={2},
  pages={295--300},
  year={1994},
  publisher={Elsevier}
}

@article{saha1994detection,
  title={Detection of 3-D simple points for topology preserving transformations with application to thinning},
  author={P. K. Saha and B. B. Chaudhuri},
  journal={Pattern Analysis and Machine Intelligence, IEEE Transactions on},
  volume={16},
  number={10},
  pages={1028--1032},
  year={1994},
  publisher={IEEE}
}

@incollection{hilitch1969linear,
	pages = {403},
	year = {1969},
	title = {Linear Skeletons From Square Cupboards},
	booktitle = {Machine Intelligence 4},
	publisher = {Edinburgh University Press},
	author = {C. J. Hilitch}
}

@article{lobregt1980three,
  title={Three-dimensional skeletonization: principle and algorithm},
  author={S. Lobregt and P. W. Verbeek and F. C. A. Groen},
  journal={IEEE Transactions on Pattern Analysis \& Machine Intelligence},
  number={1},
  pages={75--77},
  year={1980},
  publisher={IEEE}
}

@inproceedings{gong1990simple,
  title={A simple parallel 3D thinning algorithm},
  author={W. Gong and G. Bertrand},
  booktitle={Pattern Recognition, 1990. Proceedings., 10th International Conference on},
  volume={1},
  pages={188--190},
  year={1990},
  organization={IEEE}
}

@article{saha1997new,
  title={A new shape preserving parallel thinning algorithm for 3D digital images},
  author={P. K. Saha and B. B. Chaudhuri and B. Bidyut and D. D. Majumder},
  journal={Pattern Recognition},
  volume={30},
  number={12},
  pages={1939--1955},
  year={1997},
  publisher={Elsevier}
}

@article{palagyi1999parallel,
  title={A parallel 3D 12-subiteration thinning algorithm},
  author={K. Pal{\'a}gyi and A. Kuba},
  journal={Graphical Models and Image Processing},
  volume={61},
  number={4},
  pages={199--221},
  year={1999},
  publisher={Elsevier}
}

@inproceedings{ogniewicz1992voronoi,
  title={Voronoi skeletons: Theory and applications},
  author={R. Ogniewicz and M. Ilg},
  booktitle={Computer Vision and Pattern Recognition, 1992. Proceedings CVPR'92., 1992 IEEE Computer Society Conference on},
  pages={63--69},
  year={1992},
  organization={IEEE}
}

@article{ogniewicz1995hierarchic,
  title={Hierarchic voronoi skeletons},
  author={R. Ogniewicz and O. K{\"u}bler},
  journal={Pattern recognition},
  volume={28},
  number={3},
  pages={343--359},
  year={1995},
  publisher={Elsevier}
}

@article{liu2012generation,
  title={On the generation and pruning of skeletons using generalized Voronoi diagrams},
  author={H. Liu and Z. Wu and D. F. Hsu and B. S. Peterson and D. Xu},
  journal={Pattern Recognition Letters},
  volume={33},
  number={16},
  pages={2113--2119},
  year={2012},
  publisher={Elsevier}
}

@article{siddiqi2002hamilton,
  title={Hamilton-jacobi skeletons},
  author={K. Siddiqi and S. Bouix and A. Tannenbaum and S. Zucker},
  journal={International Journal of Computer Vision},
  volume={48},
  number={3},
  pages={215--231},
  year={2002},
  publisher={Springer}
}

@article{kimmel1995skeletonization,
  title={Skeletonization via distance maps and level sets},
  author={R. Kimmel and D. Shaked and N. Kiryati and A. Bruckstein},
  journal={Computer vision and image understanding},
  volume={62},
  number={3},
  pages={382--391},
  year={1995},
  publisher={Elsevier}
}

@phdthesis{leymarie2003three,
 author = {Fol-Leymarie, Frederic F.},
 advisor = {Kimia, Benjamin B.},
 title = {Three-dimensional Shape Representation via Shock Flows},
 year = {2003},
 address = {Brown University},
} 

@article{au2008skeleton,
 author = {O. K. Au and C. Tai and H. Chu and D. Cohen-Or and T. Lee},
 title = {Skeleton Extraction by Mesh Contraction},
 journal = {ACM Trans. Graph.},
 issue_date = {August 2008},
 volume = {27},
 number = {3},
 year = {2008},
 issn = {0730-0301},
 pages = {44:1--44:10},
 articleno = {44},
 numpages = {10},
 url = {http://doi.acm.org/10.1145/1360612.1360643},
 doi = {10.1145/1360612.1360643},
 acmid = {1360643},
 publisher = {ACM},
 address = {New York, NY, USA},
 keywords = {Laplacian, mesh contraction, segmentation, skeleton, skinning, smoothing},
}

@article{janoos2009robust,
  title={Robust 3D reconstruction and identification of dendritic spines from optical microscopy imaging},
  author={F. Janoos and K. Mosaliganti and X. Xu and R. Machiraju and K. Huang and S. Wong},
  journal={Medical image analysis},
  volume={13},
  number={1},
  pages={167--179},
  year={2009},
  publisher={Elsevier}
}

@article{bucksch2010skeltre,
  title={SkelTre},
  author={A. Bucksch and R. Lindenbergh and M. Menenti},
  journal={The Visual Computer},
  volume={26},
  number={10},
  pages={1283--1300},
  year={2010},
  publisher={Springer}
}

@article{huang2013l1,
  title={L1-medial skeleton of point cloud.},
  author={H. Huang and S. Wu and D. Cohen-Or and M. Gong and H. Zhang and G. Li and B. Chen},
  journal={ACM Trans. Graph.},
  volume={32},
  number={4},
  pages={65},
  year={2013}
}

@article{rojas2014optimizacion,
  title={Optimizaci{\'o}n y paralelizaci{\'o}n de un algoritmo de generaci{\'o}n de Skeletons a partir de mallas geom{\'e}tricas aplicado a estructuras biol{\'o}gicas},
journal="Memoria para optar al título de Ingeniero Civil en Computación, Universidad de Chile",
  author={I. Y. Rojas},
  year={2014},
  publisher={Universidad de Chile}
}

@inproceedings{tagliasacchi2012mean,
  title={Mean curvature skeletons},
  author={A. Tagliasacchi and I. Alhashim and M. Olson and H. Zhang},
  booktitle={Computer Graphics Forum},
  volume={31},
  number={5},
  pages={1735--1744},
  year={2012},
  organization={Wiley Online Library}
}

@article{cornea2005computing,
  title={Computing hierarchical curve-skeletons of 3D objects},
  author={N. D. Cornea and D. Silver and X. Yuan and R. Balasubramanian},
  journal={The Visual Computer},
  volume={21},
  number={11},
  pages={945--955},
  year={2005},
  publisher={Springer}
}

@article{hassouna2009variational,
  title={Variational curve skeletons using gradient vector flow},
  author={M. S. Hassouna and A. Farag et al.},
  journal={Pattern Analysis and Machine Intelligence, IEEE Transactions on},
  volume={31},
  number={12},
  pages={2257--2274},
  year={2009},
  publisher={IEEE}
}

@article{ahuja1997shape,
  title={Shape representation using a generalized potential field model},
  author={N. Ahuja and J. Chuang},
  journal={Pattern Analysis and Machine Intelligence, IEEE Transactions on},
  volume={19},
  number={2},
  pages={169--176},
  year={1997},
  publisher={IEEE}
}

@article{go1997extraction,
  title={Extraction of shape skeletons from grayscale images},
  author={Z. S. Go and J. Shah and H. Pien et al.},
  journal={Computer Vision and Image Understanding},
  volume={66},
  number={2},
  pages={133--146},
  year={1997},
  publisher={Elsevier}
}

@article{di1994well,
  title={Well-shaped, stable, and reversible skeletons from the (3, 4)-distance transform},
  author={G. Sanniti di Baja},
  journal={Journal of visual communication and image representation},
  volume={5},
  number={1},
  pages={107--115},
  year={1994},
  publisher={Elsevier}
}

@article{pudney1998distance,
  title={Distance-ordered homotopic thinning: a skeletonization algorithm for 3D digital images},
  author={C. Pudney},
  journal={Computer Vision and Image Understanding},
  volume={72},
  number={3},
  pages={404--413},
  year={1998},
  publisher={Elsevier}
}

@inproceedings{perchet2004advanced,
  title={Advanced navigation tools for virtual bronchoscopy},
  author={D. Perchet and C. Fetita and F. J. Preteux},
  booktitle={Electronic Imaging 2004},
  pages={147--158},
  year={2004},
  organization={International Society for Optics and Photonics}
}

@phdthesis{dima2002computer,
  title={Computer aided image segmentation and graph construction of nerve cells from 3D confocal microscopy scans},
  author={A. Dima},
  year={2002},
  school={Technical University Berlin, Department of Neuronal Information Processing}
}

@article{weaver2004automated,
  title={Automated algorithms for multiscale morphometry of neuronal dendrites},
  author={C. Weaver and P. Hof and S. Wearne and W. B. Lindquist},
  journal={Neural computation},
  volume={16},
  number={7},
  pages={1353--1383},
  year={2004},
  publisher={MIT Press}
}

@article{schaap2009standardized,
  title={Standardized evaluation methodology and reference database for evaluating coronary artery centerline extraction algorithms},
  author={M. Schaap and C. Metz and T. van Walsum and A. G. van der Giessen and A. C. Weustink and N. R. Mollet and C. Bauer and H. Bogunovi{\'c} and C. Castro and X. Deng et al.},
  journal={Medical image analysis},
  volume={13},
  number={5},
  pages={701--714},
  year={2009},
  publisher={Elsevier}
}

@article{lee1993systematic,
  title={A systematic evaluation of skeletonization algorithms},
  author={S. Lee and L. Lam and C. Y. Suen},
  journal={International Journal of Pattern Recognition and Artificial Intelligence},
  volume={7},
  number={05},
  pages={1203--1225},
  year={1993},
  publisher={World Scientific}
}

@article{brugmann2012digital,
  title={Digital image analysis of membrane connectivity is a robust measure of HER2 immunostains},
  author={A. Br{\"u}gmann and M. Eld and G. Lelkaitis and S. Nielsen and M. Grunkin and J. D. Hansen and N. T. Foged and M. Vyberg},
  journal={Breast cancer research and treatment},
  volume={132},
  number={1},
  pages={41--49},
  year={2012},
  publisher={Springer}
}

@inproceedings{villarroel2012,
  title={Defining   Metrics   to   Compare   Skeleton   Estimation   Methods   applied   to   Biological Structures},
  author={S. Villarroel and M. Cerda and F. Santibañez and O. Ramírez and K. Palma and M. Concha and N. Hitschfeld-Kahler and S. Härtel},
  booktitle={Defining   Metrics   to   Compare   Skeleton   Estimation   Methods   applied   to   Biological Structures},
  journal={XXVI Meeting of the Sociedad de Biología Celular de Chile},
  year={2012}
}

@article{arcelli1985width,
  title={A width-independent fast thinning algorithm},
  author={C. Arcelli and G. Sanniti di Baja},
  journal={Pattern Analysis and Machine Intelligence, IEEE Transactions on},
  number={4},
  pages={463--474},
  year={1985},
  publisher={IEEE}
}

@article{borgefors1999computing,
  title={Computing skeletons in three dimensions},
  author={G. Borgefors and I. Nystr{\"o}m and G. Sanniti Di Baja},
  journal={Pattern Recognition},
  volume={32},
  number={7},
  pages={1225--1236},
  year={1999},
  publisher={Elsevier}
}

@article{sherbrooke1996algorithm,
  title={An algorithm for the medial axis transform of 3D polyhedral solids},
  author={E. C. Sherbrooke and N. Patrikalakis and E. Brisson},
  journal={Visualization and Computer Graphics, IEEE Transactions on},
  volume={2},
  number={1},
  pages={44--61},
  year={1996},
  publisher={IEEE}
}

@article{dey2004approximating,
  title={Approximating the medial axis from the Voronoi diagram with a convergence guarantee},
  author={T. K. Dey and W. Zhao},
  journal={Algorithmica},
  volume={38},
  number={1},
  pages={179--200},
  year={2004},
  publisher={Springer}
}

@article{senft2011brief,
  title={A brief history of neuronal reconstruction},
  author={S. L. Senft},
  journal={Neuroinformatics},
  volume={9},
  number={2-3},
  pages={119--128},
  year={2011},
  publisher={Springer}
}

@article{zager2008graph,
  title={Graph similarity scoring and matching},
  author={L. A. Zager and G. C Verghese},
  journal={Applied mathematics letters},
  volume={21},
  number={1},
  pages={86--94},
  year={2008},
  publisher={Elsevier}
}

@inproceedings{telea2003robust,
  title={A robust level-set algorithm for centerline extraction},
  author={A. Telea and A. Vilanova},
  booktitle={Proceedings of the symposium on Data visualisation 2003},
  pages={185--194},
  year={2003},
  organization={Eurographics Association}
}

@article{chen2013er,
  title={ER structure and function},
  author={S. Chen and P. Novick and S. Ferro-Novick},
  journal={Current opinion in cell biology},
  volume={25},
  number={4},
  pages={428--433},
  year={2013},
  publisher={Elsevier}
}

@incollection{charnoz2005tree,
  title={Tree matching applied to vascular system},
  author={A. Charnoz and V. Agnus and G. Malandain and L. Soler and M. Tajine},
  booktitle={Graph-based representations in pattern recognition},
  pages={183--192},
  year={2005},
  publisher={Springer}
}

@article{wan2002automatic,
  title={Automatic centerline extraction for virtual colonoscopy},
  author={M. Wan and Z. Liang and Q. Ke and L. Hong and I. Bitter and A. Kaufman},
  journal={Medical Imaging, IEEE Transactions on},
  volume={21},
  number={12},
  pages={1450--1460},
  year={2002},
  publisher={IEEE}
}

@article{gillette2011diadem,
  title={The DIADEM metric: comparing multiple reconstructions of the same neuron},
  author={T. Gillette and K. Brown and G. A. Ascoli},
  journal={Neuroinformatics},
  volume={9},
  number={2-3},
  pages={233--245},
  year={2011},
  publisher={Springer}
}

@article{greenspan2001evaluation,
  title={Evaluation of center-line extraction algorithms in quantitative coronary angiography},
  author={H. Greenspan and M. Laifenfeld and S. Einav and O. Barnea},
  journal={Medical Imaging, IEEE Transactions on},
  volume={20},
  number={9},
  pages={928--941},
  year={2001},
  publisher={IEEE}
}

@inproceedings{telea2002augmented,
  title={An augmented fast marching method for computing skeletons and centerlines},
  author={A. Telea and J. J. Van Wijk},
  booktitle={Proceedings of the symposium on Data Visualisation 2002},
  pages={251--ff},
  year={2002},
  organization={Eurographics Association}
}

@article{vilanova1999viren,
  title={VirEn: A virtual endoscopy system},
  author={A. Vilanova and A. Konig and E. Groller},
  journal={Machine Graphics and Vision},
  volume={8},
  number={3},
  pages={469--487},
  year={1999},
  publisher={Citeseer}
}

@article{gagvani1999parameter,
  title={Parameter-controlled volume thinning},
  author={N. Gagvani and D. Silver},
  journal={Graphical Models and Image Processing},
  volume={61},
  number={3},
  pages={149--164},
  year={1999},
  publisher={Elsevier}
}

@inproceedings{shilane2004princeton,
  title={The princeton shape benchmark},
  author={P. Shilane and P. Min and M. Kazhdan and T. Funkhouser},
  booktitle={Shape modeling applications, 2004. Proceedings},
  pages={167--178},
  year={2004},
  organization={IEEE}
}

@article{jalba2013surface,
  title={Surface and curve skeletonization of large 3D models on the GPU},
  author={A. Jalba and J. Kustra and A. Telea},
  journal={Pattern Analysis and Machine Intelligence, IEEE Transactions on},
  volume={35},
  number={6},
  pages={1495--1508},
  year={2013},
  publisher={IEEE}
}

@article{ahuja1997shape,
  title={Shape representation using a generalized potential field model},
  author={N. Ahuja and J. Chuang},
  journal={Pattern Analysis and Machine Intelligence, IEEE Transactions on},
  volume={19},
  number={2},
  pages={169--176},
  year={1997},
  publisher={IEEE}
}

@inproceedings{svensson2003finding,
  title={Finding cavities and tunnels in 3D complex objects},
  author={S. Svensson and C. Arcelli and G. Sanniti di Baja},
  booktitle={Image Analysis and Processing, 2003. Proceedings. 12th International Conference on},
  pages={342--347},
  year={2003},
  organization={IEEE}
}

@article{bai2008path,
  title={Path similarity skeleton graph matching},
  author={X. Bai and L. J. Latecki},
  journal={Pattern Analysis and Machine Intelligence, IEEE Transactions on},
  volume={30},
  number={7},
  pages={1282--1292},
  year={2008},
  publisher={IEEE}
}

@article{ting2015curve,
  title={A Curve-Skeleton Extraction Algorithm based on Vector Fields for 3D Model Retrieval},
  author={S. Ting and Z. Wen-Gang and G. Guo-Huo},
  journal={International Journal of Hybrid Information Technology},
  volume={8},
  number={9},
  pages={329--338},
  year={2015}
}

@inproceedings{lu20143d,
  title={3D Skeleton Extraction Method using Potential Field on OpenCL},
  author={L. Lu and W. Xuewen},
  booktitle={3rd International Conference on Computer Science and Service System},
  year={2014},
  organization={Atlantis Press}
}

@article{van2004morphological,
  title={Morphological analysis and modeling of neuronal dendrites},
  author={J. van Pelt and A. Schierwagen},
  journal={Mathematical biosciences},
  volume={188},
  number={1},
  pages={147--155},
  year={2004},
  publisher={Elsevier}
}

@inproceedings{rumpf2002continuous,
  title={A continuous skeletonization method based on level sets},
  author={M. Rumpf and A. Telea},
  booktitle={Proceedings of the symposium on Data Visualisation 2002},
  pages={151--ff},
  year={2002},
  organization={Eurographics Association}
}

@book{gonzalez2009digital,
  title={Digital image processing},
  author={R. C. Gonzalez},
  year={2009},
  publisher={Pearson Education India}
}

@misc{abecassis2011,
  author = {F. Abecassis},
  title = {{OpenCV - Morphological Skeleton}},
  year = 2011,
  howpublished = "\url{http://felix.abecassis.me/2011/09/opencv-morphological-skeleton/}",
  urldate = {2016-01-06}
}

@misc{bwdistmatlab,
  author = {{MATLAB Documentation}},
  title = {{bwdist - Distance Transform of Binary Image}},
  year = 2015,
  howpublished = "\url{http://www.mathworks.com/help/images/ref/bwdist.html}",
  urldate = {2016-01-06}
}

@misc{skelbenchmarkgroningen,
  author = {{University of Groningen}},
  title = {{Skeletonization Benchmark}},
  year = 2015,
  howpublished = "\url{
http://www.cs.rug.nl/svcg/Shapes/SkelBenchmark}",
  urldate = {2016-01-06}
}

@article{abramoff2004image,
  title={Image processing with ImageJ},
  author={M. Abr{\`a}moff and P. Magalh{\~a}es and S. Ram},
  journal={Biophotonics international},
  volume={11},
  number={7},
  pages={36--42},
  year={2004},
  publisher={Laurin Publishing}
}

@article{longair2011simple,
  title={Simple Neurite Tracer: open source software for reconstruction, visualization and analysis of neuronal processes},
  author={Longair, Mark H and Baker, Dean A and Armstrong, J Douglas},
  journal={Bioinformatics},
  volume={27},
  number={17},
  pages={2453--2454},
  year={2011},
  publisher={Oxford Univ Press}
}

@article{pani2014morphoneuronet,
  title={MorphoNeuroNet: an automated method for dense neurite network analysis},
  author={Pani, Giuseppe and Vos, Winnok H and Samari, Nada and Saint-Georges, Louis and Baatout, Sarah and Oostveldt, Patrick and Benotmane, Mohammed Abderrafi},
  journal={Cytometry Part A},
  volume={85},
  number={2},
  pages={188--199},
  year={2014},
  publisher={Wiley Online Library}
}

@article{bertrand1994new,
  title={A new characterization of three-dimensional simple points},
  author={Bertrand, Gilles and Malandain, Gr{\'e}goire},
  journal={Pattern Recognition Letters},
  volume={15},
  number={2},
  pages={169--175},
  year={1994},
  publisher={Elsevier}
}

@article{schmitz2011automated,
  title={Automated analysis of neuronal morphology, synapse number and synaptic recruitment},
  author={Schmitz, Sabine K and Hjorth, JJ Johannes and Joemai, Raoul MS and Wijntjes, Rick and Eijgenraam, Susanne and de Bruijn, Petra and Georgiou, Christina and de Jong, Arthur PH and van Ooyen, Arjen and Verhage, Matthijs and others},
  journal={Journal of neuroscience methods},
  volume={195},
  number={2},
  pages={185--193},
  year={2011},
  publisher={Elsevier}
}

@article{billeci2013neuronmorphological,
  title={NEuronMOrphological analysis tool: open-source software for quantitative morphometrics},
  author={L. Billeci and C. Magliaro and G. Pioggia and A. Ahluwalia},
  journal={Frontiers in neuroinformatics},
  volume={7},
  pages={2},
  year={2013},
  publisher={Frontiers}
}

@article{lee1994building,
  title={Building skeleton models via 3-D medial surface axis thinning algorithms},
  author={T. C. Lee and R. L. Kashyap and C. N. Chu},
  journal={CVGIP: Graphical Models and Image Processing},
  volume={56},
  number={6},
  pages={462--478},
  year={1994},
  publisher={Elsevier}
}

@article{ho2011neurphologyj,
  title={NeurphologyJ: an automatic neuronal morphology quantification method and its application in pharmacological discovery},
  author={S. Y. Ho and C. Y. Chao and H. L. Huang and T. W. Chiu and P Charoenkwan and E, Hwang},
  journal={BMC bioinformatics},
  volume={12},
  number={1},
  pages={230},
  year={2011},
  publisher={BioMed Central}
}

@article{tsao1981parallel,
  title={A parallel thinning algorithm for 3-D pictures},
  author={Y. F. Tsao and K. S. Fu},
  journal={Computer graphics and image processing},
  volume={17},
  number={4},
  pages={315--331},
  year={1981},
  publisher={Elsevier}
}

@incollection{attali2009stability,
  title={Stability and computation of medial axes-a state-of-the-art report},
  author={D. Attali and J. D. Boissonnat and H. Edelsbrunner},
  booktitle={Mathematical foundations of scientific visualization, computer graphics, and massive data exploration},
  pages={109--125},
  year={2009},
  publisher={Springer}
}

@inproceedings{tagliasacchi20163d,
  title={3D Skeletons: A State-of-the-Art Report},
  author={A. Tagliasacchi and T. Delame and M. Spagnuolo and N. Amenta and A. Telea},
  booktitle={Computer Graphics Forum},
  volume={35},
  number={2},
  pages={573--597},
  year={2016},
  organization={Wiley Online Library}
}

@article{thurfjell1992new,
  title={A new three-dimensional connected components labeling algorithm with simultaneous object feature extraction capability},
  author={L. Thurfjell and E. Bengtsson and B. Nordin},
  journal={CVGIP: Graphical Models and Image Processing},
  volume={54},
  number={4},
  pages={357--364},
  year={1992},
  publisher={Elsevier}
}

@article{arcelli1988finding,
  title={Finding local maxima in a pseudo-Euclidian distance transform},
  author={Arcelli, Carlo and Di Baja, Gabriella Sanniti},
  journal={Computer Vision, Graphics, and Image Processing},
  volume={43},
  number={3},
  pages={361--367},
  year={1988},
  publisher={Elsevier}
}

@inproceedings{banks1994vortex,
  title={Vortex tubes in turbulent flows: identification, representation, reconstruction},
  author={Banks, David C and Singer, Bart A},
  booktitle={Visualization, 1994., Visualization'94, Proceedings., IEEE Conference on},
  pages={132--139},
  year={1994},
  organization={IEEE}
}

@article{reniers2008computing,
  title={Computing multiscale curve and surface skeletons of genus 0 shapes using a global importance measure},
  author={Reniers, Dennie and Van Wijk, Jarke and Telea, Alexandru},
  journal={IEEE Transactions on Visualization and Computer Graphics},
  volume={14},
  number={2},
  year={2008},
  publisher={IEEE}
}

@article{di1996skeletonization,
  title={Skeletonization algorithm running on path-based distance maps},
  author={Di Baja, Gabriella Sanniti and Thiel, Edouard},
  journal={Image and vision Computing},
  volume={14},
  number={1},
  pages={47--57},
  year={1996},
  publisher={Elsevier}
}

@inproceedings{borgefors1991euclidean,
  title={The Euclidean distance transform: finding the local maxima and reconstructing the shape},
  author={Borgefors, Gunilla and Ragnemalm, Ingemar and di Baja, G Sanniti},
  booktitle={Procs. of the 7th Scand. Conf. on image analysis},
  volume={2},
  pages={974--981},
  year={1991}
}

@inproceedings{remy2003look,
  title={Look-up tables for medial axis on squared Euclidean distance transform},
  author={Remy, Eric and Thiel, Edouard},
  booktitle={International Conference on Discrete Geometry for Computer Imagery},
  pages={224--235},
  year={2003},
  organization={Springer}
}

@article{danielsson1980euclidean,
  title={Euclidean distance mapping},
  author={Danielsson, Per-Erik},
  journal={Computer Graphics and image processing},
  volume={14},
  number={3},
  pages={227--248},
  year={1980},
  publisher={Elsevier}
}
